@article{li2018visualizing,
	title={Visualizing the loss landscape of neural nets},
	author={Li, Hao and Xu, Zheng and Taylor, Gavin and Studer, Christoph and Goldstein, Tom},
	journal={Advances in neural information processing systems},
	volume={31},
	year={2018}
}

@misc{Idelbayev18a,
	author       = "Yerlan Idelbayev",
	title        = "Proper {ResNet} Implementation for {CIFAR10/CIFAR100} in {PyTorch}",
	howpublished = "\url{https://github.com/akamaster/pytorch_resnet_cifar10}",
	note         = "Accessed: 2022-02-07",
	year={2019}
}

@inproceedings{he2016deep,
	title={Deep residual learning for image recognition},
	author={He, Kaiming and Zhang, Xiangyu and Ren, Shaoqing and Sun, Jian},
	booktitle={Proceedings of the IEEE conference on computer vision and pattern recognition},
	pages={770--778},
	year={2016}
}

@inproceedings{zhang2018fixup,
	title={Fixup Initialization: Residual Learning Without Normalization},
	author={Zhang, Hongyi and Dauphin, Yann N and Ma, Tengyu},
	booktitle={International Conference on Learning Representations},
	year={2018}
}